<?xml version="1.0" encoding="UTF-8"?><collection xmlns="http://www.loc.gov/MARC21/slim"><record><leader>00492nam--2200193-u-4500</leader><controlfield tag="001">000050645</controlfield><controlfield tag="002">20161230</controlfield><controlfield tag="005">20161230201048</controlfield><controlfield tag="008">080226s1000------------r-----000-0-eng-d</controlfield><datafield ind1=" " ind2=" " tag="020"><subfield code="a">9810233191</subfield></datafield><datafield ind1=" " ind2=" " tag="040"><subfield code="a">IFIN-HH</subfield></datafield><datafield ind1=" " ind2=" " tag="080"><subfield code="a">535:621.375.826</subfield></datafield><datafield ind1="1" ind2=" " tag="100"><subfield code="a">He, G. S</subfield></datafield><datafield ind1="1" ind2="0" tag="245"><subfield code="a">Physics of nonlinear optics</subfield><subfield code="c">Guang s. he; song h. liu</subfield></datafield><datafield ind1=" " ind2=" " tag="260"><subfield code="a">Singapore</subfield><subfield code="b">World Scientific</subfield><subfield code="c">1999</subfield></datafield><datafield ind1=" " ind2=" " tag="300"><subfield code="a">552 P</subfield></datafield><datafield ind1="1" ind2=" " tag="700"><subfield code="a">Liu, Song H</subfield></datafield><datafield ind1=" " ind2=" " tag="852"><subfield code="a">81926</subfield><subfield code="c">535</subfield></datafield><datafield ind1=" " ind2=" " tag="CAT"><subfield code="a">Sys</subfield><subfield code="c">20120705</subfield><subfield code="h">155927</subfield></datafield></record></collection>